[gd_scene load_steps=10 format=2]

[ext_resource path="res://components/_root-scenes/world.gd" type="Script" id=1]
[ext_resource path="res://components/hud/hud.tscn" type="PackedScene" id=2]
[ext_resource path="res://components/world/camera.tscn" type="PackedScene" id=3]
[ext_resource path="res://components/world/environment.tscn" type="PackedScene" id=4]
[ext_resource path="res://components/world/blur.gdshader" type="Shader" id=5]
[ext_resource path="res://default_env.tres" type="Environment" id=6]
[ext_resource path="res://assets/music/music.mp3" type="AudioStream" id=7]

[sub_resource type="ShaderMaterial" id=2]
shader = ExtResource( 5 )
shader_param/trail_length = 1

[sub_resource type="World" id=3]
environment = ExtResource( 6 )

[node name="World" type="Spatial"]
script = ExtResource( 1 )

[node name="ViewportContainer" type="ViewportContainer" parent="."]
material = SubResource( 2 )
anchor_right = 1.0
anchor_bottom = 1.0
size_flags_horizontal = 3
size_flags_vertical = 3
stretch = true

[node name="Viewport" type="Viewport" parent="ViewportContainer"]
size = Vector2( 1920, 1080 )
world = SubResource( 3 )
handle_input_locally = false
render_target_update_mode = 3
shadow_atlas_size = 4096

[node name="Camera" parent="ViewportContainer/Viewport" instance=ExtResource( 3 )]
environment = ExtResource( 6 )

[node name="Environment" parent="ViewportContainer/Viewport" instance=ExtResource( 4 )]

[node name="Light" type="DirectionalLight" parent="ViewportContainer/Viewport"]
transform = Transform( 0.866026, -0.25, 0.433013, 0, 0.866026, 0.5, -0.5, -0.433013, 0.75, 0, 3.8147e-06, 0 )
shadow_enabled = true
shadow_bias = 0.01
directional_shadow_max_distance = 1000.0

[node name="HUD" parent="." instance=ExtResource( 2 )]

[node name="AudioStreamPlayer" type="AudioStreamPlayer" parent="."]
stream = ExtResource( 7 )
autoplay = true
