[gd_scene load_steps=5 format=2]

[ext_resource path="res://components/models/carriages/cargo1/carriage_cargo1_undercarriage.tscn" type="PackedScene" id=1]
[ext_resource path="res://components/models/carriages/cargo1/carriage_cargo1_wheel.tscn" type="PackedScene" id=2]
[ext_resource path="res://components/models/carriages/cargo1/carriage_cargo1_topcarriage.tscn" type="PackedScene" id=3]
[ext_resource path="res://components/models/locomotives/railcar.gd" type="Script" id=4]

[node name="CarriageCargo1Full" type="Spatial"]
script = ExtResource( 4 )

[node name="Variants" type="Spatial" parent="."]

[node name="carriage_cargo1_topcarriage" parent="Variants" instance=ExtResource( 3 )]

[node name="carriage_cargo1_undercarriage" parent="." instance=ExtResource( 1 )]

[node name="Wheel1" type="Spatial" parent="."]
transform = Transform( 1, 0, 0, 0, 1, 0, 0, 0, 1, -2.25, 0.35, 0.9 )

[node name="carriage_cargo1_wheel" parent="Wheel1" instance=ExtResource( 2 )]
transform = Transform( 1, 0, 0, 0, 1, 0, 0, 0, 1, 0, -0.35, 0 )

[node name="Wheel2" type="Spatial" parent="."]
transform = Transform( -1, 0, -8.74228e-08, 0, 1, 0, 8.74228e-08, 0, -1, -2.25, 0.35, -0.9 )

[node name="carriage_cargo1_wheel" parent="Wheel2" instance=ExtResource( 2 )]
transform = Transform( 1, 0, 0, 0, 1, 0, 0, 0, 1, 0, -0.35, 0 )

[node name="Wheel3" type="Spatial" parent="."]
transform = Transform( 1, 0, 0, 0, 1, 0, 0, 0, 1, -1.45, 0.35, 0.9 )

[node name="carriage_cargo1_wheel" parent="Wheel3" instance=ExtResource( 2 )]
transform = Transform( 1, 0, 0, 0, 1, 0, 0, 0, 1, 0, -0.35, 0 )

[node name="Wheel4" type="Spatial" parent="."]
transform = Transform( -1, 0, -8.74228e-08, 0, 1, 0, 8.74228e-08, 0, -1, -1.45, 0.35, -0.9 )

[node name="carriage_cargo1_wheel" parent="Wheel4" instance=ExtResource( 2 )]
transform = Transform( 1, 0, 0, 0, 1, 0, 0, 0, 1, 0, -0.35, 0 )

[node name="Wheel5" type="Spatial" parent="."]
transform = Transform( 1, 0, 0, 0, 1, 0, 0, 0, 1, 1.45, 0.35, 0.9 )

[node name="carriage_cargo1_wheel" parent="Wheel5" instance=ExtResource( 2 )]
transform = Transform( 1, 0, 0, 0, 1, 0, 0, 0, 1, 0, -0.35, 0 )

[node name="Wheel6" type="Spatial" parent="."]
transform = Transform( -1, 0, -8.74228e-08, 0, 1, 0, 8.74228e-08, 0, -1, 1.45, 0.35, -0.9 )

[node name="carriage_cargo1_wheel" parent="Wheel6" instance=ExtResource( 2 )]
transform = Transform( 1, 0, 0, 0, 1, 0, 0, 0, 1, 0, -0.35, 0 )

[node name="Wheel7" type="Spatial" parent="."]
transform = Transform( 1, 0, 0, 0, 1, 0, 0, 0, 1, 2.25, 0.35, 0.9 )

[node name="carriage_cargo1_wheel" parent="Wheel7" instance=ExtResource( 2 )]
transform = Transform( 1, 0, 0, 0, 1, 0, 0, 0, 1, 0, -0.35, 0 )

[node name="Wheel8" type="Spatial" parent="."]
transform = Transform( -1, 0, -8.74228e-08, 0, 1, 0, 8.74228e-08, 0, -1, 2.25, 0.35, -0.9 )

[node name="carriage_cargo1_wheel" parent="Wheel8" instance=ExtResource( 2 )]
transform = Transform( 1, 0, 0, 0, 1, 0, 0, 0, 1, 0, -0.35, 0 )
