[gd_scene load_steps=5 format=2]

[ext_resource path="res://components/models/locomotives/diesel/locomotive_diesel_nowheels.tscn" type="PackedScene" id=1]
[ext_resource path="res://components/models/locomotives/diesel/locomotive_diesel_wheel.tscn" type="PackedScene" id=2]
[ext_resource path="res://components/models/locomotives/railcar.gd" type="Script" id=3]
[ext_resource path="res://components/models/giraffes/giraffe_driver.tscn" type="PackedScene" id=4]

[node name="LocomotiveDieselFull" type="Spatial"]
script = ExtResource( 3 )

[node name="Variants" type="Spatial" parent="."]

[node name="locomotive_diesel_nowheels" parent="." instance=ExtResource( 1 )]

[node name="Wheel1" type="Spatial" parent="."]
transform = Transform( -1, 0, -8.74228e-08, 0, 1, 0, 8.74228e-08, 0, -1, -1.35, 0.45, -0.9 )

[node name="locomotive_diesel_wheel" parent="Wheel1" instance=ExtResource( 2 )]
transform = Transform( 1, 0, 0, 0, 1, 0, 0, 0, 1, 0, -0.45, 0 )

[node name="Wheel2" type="Spatial" parent="."]
transform = Transform( 1, 0, 0, 0, 1, 0, 0, 0, 1, -1.35, 0.45, 0.9 )

[node name="locomotive_diesel_wheel" parent="Wheel2" instance=ExtResource( 2 )]
transform = Transform( 1, 0, 0, 0, 1, 0, 0, 0, 1, 0, -0.45, 0 )

[node name="Wheel3" type="Spatial" parent="."]
transform = Transform( -1, 0, -8.74228e-08, 0, 1, 0, 8.74228e-08, 0, -1, -0.35, 0.45, -0.9 )

[node name="locomotive_diesel_wheel" parent="Wheel3" instance=ExtResource( 2 )]
transform = Transform( 1, 0, 0, 0, 1, 0, 0, 0, 1, 0, -0.45, 0 )

[node name="Wheel4" type="Spatial" parent="."]
transform = Transform( 1, 0, 0, 0, 1, 0, 0, 0, 1, -0.35, 0.45, 0.9 )

[node name="locomotive_diesel_wheel" parent="Wheel4" instance=ExtResource( 2 )]
transform = Transform( 1, 0, 0, 0, 1, 0, 0, 0, 1, 0, -0.45, 0 )

[node name="Wheel5" type="Spatial" parent="."]
transform = Transform( -1, 0, -8.74228e-08, 0, 1, 0, 8.74228e-08, 0, -1, 1.35, 0.45, -0.9 )

[node name="locomotive_diesel_wheel" parent="Wheel5" instance=ExtResource( 2 )]
transform = Transform( 1, 0, 0, 0, 1, 0, 0, 0, 1, 0, -0.45, 0 )

[node name="Wheel6" type="Spatial" parent="."]
transform = Transform( 1, 0, 0, 0, 1, 0, 0, 0, 1, 1.35, 0.45, 0.9 )

[node name="locomotive_diesel_wheel" parent="Wheel6" instance=ExtResource( 2 )]
transform = Transform( 1, 0, 0, 0, 1, 0, 0, 0, 1, 0, -0.45, 0 )

[node name="Jeffrey" parent="." instance=ExtResource( 4 )]
transform = Transform( -1, 8.74228e-08, 0, 3.82137e-15, 4.37114e-08, 1, 8.74228e-08, 1, -4.37114e-08, 0.3, 2.4, -0.8 )
