[gd_scene load_steps=6 format=2]

[ext_resource path="res://components/hud/station/views/inventory/inventory.gd" type="Script" id=1]
[ext_resource path="res://components/hud/station/partials/ressource.tscn" type="PackedScene" id=2]
[ext_resource path="res://assets/theme.tres" type="Theme" id=3]
[ext_resource path="res://assets/fonts/Quantico-Bold.ttf" type="DynamicFontData" id=5]

[sub_resource type="DynamicFont" id=2]
size = 48
font_data = ExtResource( 5 )

[node name="Control" type="VBoxContainer"]
anchor_bottom = 1.0
margin_right = 500.0
theme = ExtResource( 3 )
script = ExtResource( 1 )

[node name="InventoryMargin" type="MarginContainer" parent="."]
margin_right = 612.0
margin_bottom = 743.0
mouse_filter = 2
size_flags_horizontal = 3
size_flags_vertical = 3
custom_constants/margin_right = 32
custom_constants/margin_top = 64
custom_constants/margin_left = 80

[node name="VBoxContainer" type="VBoxContainer" parent="InventoryMargin"]
margin_left = 80.0
margin_top = 64.0
margin_right = 580.0
margin_bottom = 727.0
rect_pivot_offset = Vector2( 688, -16 )
mouse_filter = 2
size_flags_horizontal = 3
size_flags_vertical = 3

[node name="Title" type="Label" parent="InventoryMargin/VBoxContainer"]
margin_right = 197.0
margin_bottom = 70.0
size_flags_horizontal = 0
size_flags_vertical = 0
custom_colors/font_color = Color( 0.501961, 0.501961, 0.501961, 1 )
custom_fonts/font = SubResource( 2 )
text = "My Train"

[node name="Inventory" type="ScrollContainer" parent="InventoryMargin/VBoxContainer"]
margin_top = 86.0
margin_right = 500.0
margin_bottom = 663.0
rect_min_size = Vector2( 500, 0 )
mouse_filter = 2
size_flags_horizontal = 3
size_flags_vertical = 3
theme = ExtResource( 3 )
script = ExtResource( 1 )

[node name="inventoryItemsContainer" type="VBoxContainer" parent="InventoryMargin/VBoxContainer/Inventory"]
unique_name_in_owner = true
margin_right = 488.0
margin_bottom = 584.0
mouse_filter = 2
size_flags_horizontal = 3
size_flags_vertical = 3

[node name="Ressource" parent="InventoryMargin/VBoxContainer/Inventory/inventoryItemsContainer" instance=ExtResource( 2 )]
margin_right = 488.0
margin_bottom = 84.0

[node name="Ressource2" parent="InventoryMargin/VBoxContainer/Inventory/inventoryItemsContainer" instance=ExtResource( 2 )]
margin_top = 100.0
margin_right = 488.0
margin_bottom = 184.0

[node name="Ressource3" parent="InventoryMargin/VBoxContainer/Inventory/inventoryItemsContainer" instance=ExtResource( 2 )]
margin_top = 200.0
margin_right = 488.0
margin_bottom = 284.0

[node name="Ressource4" parent="InventoryMargin/VBoxContainer/Inventory/inventoryItemsContainer" instance=ExtResource( 2 )]
margin_top = 300.0
margin_right = 488.0
margin_bottom = 384.0

[node name="Ressource5" parent="InventoryMargin/VBoxContainer/Inventory/inventoryItemsContainer" instance=ExtResource( 2 )]
margin_top = 400.0
margin_right = 488.0
margin_bottom = 484.0

[node name="Ressource6" parent="InventoryMargin/VBoxContainer/Inventory/inventoryItemsContainer" instance=ExtResource( 2 )]
margin_top = 500.0
margin_right = 488.0
margin_bottom = 584.0

[node name="StatusMargin" type="MarginContainer" parent="."]
margin_top = 759.0
margin_right = 612.0
margin_bottom = 1080.0
mouse_filter = 2
size_flags_horizontal = 3
custom_constants/margin_right = 274
custom_constants/margin_left = 56

[node name="VBoxContainer" type="VBoxContainer" parent="StatusMargin"]
margin_left = 56.0
margin_top = 16.0
margin_right = 338.0
margin_bottom = 305.0
mouse_filter = 2
alignment = 2

[node name="MoneyLabel" type="Label" parent="StatusMargin/VBoxContainer"]
unique_name_in_owner = true
margin_right = 282.0
margin_bottom = 38.0
size_flags_horizontal = 3
size_flags_vertical = 0
custom_colors/font_color = Color( 0, 0, 0, 1 )
text = "10.000.000.000¥"

[node name="VBoxContainer" type="VBoxContainer" parent="StatusMargin/VBoxContainer"]
margin_top = 54.0
margin_right = 282.0
margin_bottom = 148.0
mouse_filter = 2
custom_constants/separation = 0

[node name="Label2" type="Label" parent="StatusMargin/VBoxContainer/VBoxContainer"]
margin_right = 282.0
margin_bottom = 38.0
size_flags_horizontal = 3
size_flags_vertical = 0
custom_colors/font_color = Color( 0, 0, 0, 1 )
text = "Total Weight:"

[node name="WeightLabel" type="Label" parent="StatusMargin/VBoxContainer/VBoxContainer"]
unique_name_in_owner = true
margin_top = 38.0
margin_right = 282.0
margin_bottom = 76.0
size_flags_horizontal = 3
size_flags_vertical = 0
custom_colors/font_color = Color( 0, 0, 0, 1 )
text = "100.000.000t"
align = 1

[node name="WeightProgressBar" type="ProgressBar" parent="StatusMargin/VBoxContainer/VBoxContainer"]
unique_name_in_owner = true
margin_top = 76.0
margin_right = 282.0
margin_bottom = 94.0
mouse_filter = 2
value = 42.0

[node name="GoButton" type="Button" parent="StatusMargin/VBoxContainer"]
unique_name_in_owner = true
margin_top = 164.0
margin_right = 282.0
margin_bottom = 289.0
mouse_default_cursor_shape = 2
size_flags_horizontal = 3
size_flags_vertical = 0
text = "Go!"
